<?xml version="1.0" encoding="UTF-8"?><record xmlns="http://www.loc.gov/MARC21/slim" xmlns:cinclude="http://apache.org/cocoon/include/1.0" xmlns:zs="http://www.loc.gov/zing/srw/">
  <leader>00629cz  a2200169n  4500</leader>
  <controlfield tag="001">no2009093261</controlfield>
  <controlfield tag="003">DLC</controlfield>
  <controlfield tag="005">20121122075208.0</controlfield>
  <controlfield tag="008">090617n| acannaabn          |a aaa     c</controlfield>
  <datafield tag="010" ind1=" " ind2=" ">
    <subfield code="a">no2009093261</subfield>
  </datafield>
  <datafield tag="035" ind1=" " ind2=" ">
    <subfield code="a">(OCoLC)oca08145024</subfield>
  </datafield>
  <datafield tag="035" ind1=" " ind2=" ">
    <subfield code="a">(Uk)007484206</subfield>
  </datafield>
  <datafield tag="040" ind1=" " ind2=" ">
    <subfield code="a">NjP</subfield>
    <subfield code="b">eng</subfield>
    <subfield code="c">NjP</subfield>
    <subfield code="d">Uk</subfield>
  </datafield>
  <datafield tag="100" ind1="1" ind2=" ">
    <subfield code="a">Lam, Hak-Keung</subfield>
  </datafield>
  <datafield tag="400" ind1="1" ind2=" ">
    <subfield code="a">Lam, H. K.</subfield>
    <subfield code="q">(Hak-Keung)</subfield>
  </datafield>
  <datafield tag="670" ind1=" " ind2=" ">
    <subfield code="a">Control of chaos in nonlinear circuits and systems, c2009:</subfield>
    <subfield code="b">t.p. (Hak-Keung Lam, King's College London, UK)</subfield>
  </datafield>
  <datafield tag="670" ind1=" " ind2=" ">
    <subfield code="a">Computational intelligence and its applications, c2012:</subfield>
    <subfield code="b">t.p. (H.K. Lam) p.213 (Department of Electronic Engineering, King's College London)</subfield>
  </datafield>
</record>